\usepackage{url}

@misc{indico,
  author = "Indico",
  title = "Indico project Homepage",
  year = "2011",
  howpublished = "\url{http://indico-software.org/}",
  note = "[12. August 2013]"
}

@misc{indicoarch,
  author = "Pedro Ferreira",
  title = "Indico Developer's Guide for the Newbie",
  year = "2008",
  howpublished = "\url{http://indico.cern.ch/materialDisplay.py?materialId=slides&confId=37937}"
}

@misc{rfc3875,
  author="D. Robinson and K. Coar",
  title="{The Common Gateway Interface (CGI) Version 1.1}",
  series="Request for Comments",
  number="3875",
  howpublished="RFC 3875 (Informational) \url{http://www.ietf.org/rfc/rfc3875.txt}",
  publisher="IETF",
  organization="Internet Engineering Task Force",
  year=2004,
  month=oct,
}

@misc{wsgi,
  author = "Phillip J. Eby",
  title = "{PEP} 333 - Python Web Server Gateway Interface v1.0",
  howpublished = "\url{http://www.python.org/dev/peps/pep-0333/}"
}
